/home/bussolon/documenti/ricerca/bibliografia/hci/bibliografia.bib